@article{asm,
    author = "Eric Bruneton and Romain Lenglet and Thierry Coupaye",
    title = "ASM: a code manipulation tool to implement adaptable systems",
    journal = "France Télécom R\&D, DTL/ASR",
    volume = "28",
    year = "January 2002",
    langid = "english"
}

@article{advJavaBcInstr,
    author = "Walter Binder and Jarle Hulaas and Philippe Moret",
    title = "Advanced Java Bytecode Instrumentation",
    journal = "PPPJ",
    year = "2007",
    langid = "english"
}

@article{bit,
    author = "Han Bok Lee and Benjamin G. Zorn",
    title = "BIT: A Tool for Instrumenting Java Bytecodes",
    journal = "Proceedings of the USENIX Symposium on Internet Technologies and Systems Monterey, California",
    year = "1997",
    langid = "english"
}

@article{loadTimestructuralReflection,
    author = "Shigeru Chiba",
    title = "Load-time Structural Reflection in Java",
    journal = "Springer Verlag",
    year = "2000",
    pages = "313--336",
    langid = "english"
}

@article{javassist,
    author = "Shigeru Chiba",
    title="Javassist. A Reflection-based Programming Wizard for Java",
    langid="english"
}

@article{instrJavaBytecode,
    author = "Jari Aarniala",
    title = "Instrumenting Java Bytecode",
    journal = "Department of Computer Science University of Helsinki, Finland",
    year = "2005",
    langid = "english"
}

@article{bca,
    author = "Ralph Keller and Urs Hölzle",
    title = "Binary Component Adaptation",
    journal = "E. Jul (Ed.): ECOOP’98, LNCS 1445",
    year = "1998",
    pages = "307--329",
    langid = "english"
}

@article{tanter2002,
    author = "Eric Tanter and Marc Segura-Devillechaise and Jacques Noye and Jose Piquer",
    title = "Altering Java Semantics via Bytecode Manipulation",
    journal = "D. Batory, C. Consel, and W. Taha (Eds.): GPCE 2002, LNCS 2487",
    year = "2002",
    pages = "283--298",
    langid = "english"
}

@article{wegner1996,
    author = "Peter Wegner",
    title = "Interopability",
    journal = "ACM Computing Surveys, Vol. 28, No. 1",
    year = "1996",
    langid = "english"
}

@article{malone2014,
    author = "Todd Malone",
    title = "Interoperability in Programming Languages",
    journal = "UMM CSci Senior Seminar Conference",
    year = "2014",
    langid = "english"
}

@article{brockschmidt1995,
    author = "Kraig Brockschmidt",
    title = "Inside OLE",
    year = "1995",
    langid = "english"
}

@article{kiczales1997,
    author = "Gregor Kiczales and John Lamping and Anurag Mendhekar and Chris Maeda and Cristina Lopes and Jean-Marc Loingtier and John Irwin",
    title = "Aspect-Oriented Programming",
    journal = "Springer-Verlag LNCS 1241",
    year = "1997",
    langid = "english"
}

@article{aspectj,
    author = "Gregor Kiczales and Erik Hilsdale and Jim Hugunin and Mik Kersten and Jeffrey Palm and William G. Griswold",
    title = "An Overview of AspectJ",
    langid = "english"
}

@article{zhemzhicky,
    author = "Жемжицкий С.В.",
    title = "Введение в аспекто-ориентированное программирование",
    langid = "russian"
}

@article{brex,
    author = "Valerio Cosentino and Jordi Cabot and Patrick Albert and Philippe Bauquel and Jacques Perronnet",
    title = "A Model Driven Reverse Engineering Framework for Extracting Business Rules out of a Java Application",
    journal = "RuleML",
    year = "2012",
    langid = "english"
}

@misc{lavaLangClassfile,
    url={https://docs.oracle.com/en/java/javase/22/docs/api/java.base/java/lang/classfile/package-summary.html},
    title={Description of package java.lang.classfile},
    year={2024},
    month={March},
}

@misc{jni,
    url={https://docs.oracle.com/javase/8/docs/technotes/guides/jni/spec/jniTOC.html},
    title={Description of the JNI - Java Native Interface},
    year={2024},
    month={March},
}

@misc{napi,
    url={https://nodejs.org/api/n-api.html},
    title={Description of the N-API - Node API},
    year={2024},
    month={March},
}

@article{javaReflection,
    author = "Yue Li and Tian Tan and Jingling Xue",
    title = "Understanding and Analyzing Java Reflection",
    year = "2017",
    langid = "english"
}

@article{kava1,
    author = "Ian Welch and Robert J. Stroud",
    title = "Kava - Using Byte code Rewriting to add Behavioural Reflection to Java",
    year = "2001",
    langid = "english"
}

@article{kava2,
    author = "Ian S. Welch and Robert J. Stroud",
    title = "Kava – A Powerful and Portable Reflective Java",
    journal = "OOPSLA 2000 Companion",
    year = "2000",
    langid = "english"
}

@article{compReflection,
    author = "Pattie Maes",
    title = "Computional reflection",
    journal = "Artificial intelligence laboratory, Vrije Universiteit, Brussels, Belgium",
    year = "1987",
    langid = "english"
}